@article{stripwidth,
	author	= {V.Smakhtin,et al},
	title		= "Thin Gap Chamber upgrade for SLHC: Position resolution in a test beam",
	journal = {Nucl. Instr. and Meth. A},
	volume	= {598},
	pages		= {196-200},
	year		= 2009
}
